@misc{droste,
	author={Benedikt Droste},
	title={Machine Learning with the Titanic Dataset},
	month={April},
	year={2020},
	url={https://people.sc.fsu.edu/~jburkardt/classes/ml_2023/datasets/titanic.pdf},
}

@misc{hackers,
	author={Hackers Realm},
	title={Titanic Dataset Analysis using Python (Kaggle) | Classification | Machine Learning Project Tutorial},
	month={June},
	year={2023},
	url={https://www.hackersrealm.net/post/titanic-dataset-analysis-using-python},
}

@misc{signal,
	author={CodeSignal},
	title={Data Preprocessing: The Titanic Dataset Exploration},
	url={https://learn.codesignal.com/preview/lessons/739/data-preprocessing-the-titanic-dataset-exploration},
}
